@book{ref1,
author = "Eli Maor",
year = "2019",
title = "The Pythagorean Theorem: A 4000-Year History",
publisher = "Princeton University Press"
}

@article{ref2,
    author = "Richard V. Kadison",
    title = "The Pythagorean Theorem: I. The finite case",
    journal = "Mathematics Department, University of Pennsylvania, Philadelph",
    year = "2001"
}